@INPROCEEDINGS{8972014,
  author={M. {Lindner} and N. {Fitinghoff} and J. {Eriksson} and P. {Lindgren}},
  booktitle={2019 IEEE 17th International Conference on Industrial Informatics (INDIN)}, 
  title={Verification of Safety Functions Implemented in Rust - a Symbolic Execution based approach}, 
  year={2019},
  volume={1},
  number={},
  pages={432-439},
  doi={10.1109/INDIN41052.2019.8972014}}
